<record><leader>00000cas a22000007a 4500</leader><controlfield tag="001">18910855</controlfield><controlfield tag="008">881216d18801885coudn ne      0    0eng d</controlfield><datafield ind1=" " ind2=" " tag="010"><subfield code="a">sn 88056178 </subfield></datafield><datafield ind1=" " ind2=" " tag="040"><subfield code="a">NVB</subfield><subfield code="b">eng</subfield><subfield code="c">NVB</subfield><subfield code="d">CNQ</subfield><subfield code="d">ANU</subfield><subfield code="d">OCLCQ</subfield></datafield><datafield ind1=" " ind2=" " tag="042"><subfield code="a">msc</subfield></datafield><datafield ind1="0" ind2="0" tag="245"><subfield code="a">Leadville democrat.</subfield></datafield><datafield ind1="1" ind2="7" tag="246"><subfield code="a">Daily democrat</subfield></datafield><datafield ind1=" " ind2=" " tag="260"><subfield code="a">Leadville, Colo. :</subfield><subfield code="b">Democrat Print. Co.</subfield></datafield><datafield ind1=" " ind2=" " tag="300"><subfield code="a">v.</subfield></datafield><datafield ind1=" " ind2=" " tag="310"><subfield code="a">Daily (except Monday)</subfield></datafield><datafield ind1="0" ind2=" " tag="362"><subfield code="a">Vol. 1 (Jan. 1, 1880)-</subfield></datafield><datafield ind1="1" ind2=" " tag="362"><subfield code="a">Ceased in 1885.</subfield></datafield><datafield ind1=" " ind2=" " tag="752"><subfield code="a">United States</subfield><subfield code="b">Colorado</subfield><subfield code="c">Lake</subfield><subfield code="d">Leadville.</subfield></datafield><datafield ind1="0" ind2=" " tag="775"><subfield code="t">Leadville weekly democrat</subfield><subfield code="w">(DLC)sn 90051645</subfield></datafield><datafield ind1="0" ind2="7" tag="785"><subfield code="t">Leadville herald</subfield><subfield code="w">(DLC)sn 84025774</subfield></datafield><datafield ind1="0" ind2="7" tag="785"><subfield code="t">Leadville herald democrat (Leadville, Colo. : 1885)</subfield><subfield code="w">(DLC)sn 90051681</subfield></datafield></record>